@article{connick2015relative,
	title={Relative Age Affects Marathon Performance in Male and Female Athletes},
	author={Connick, Mark J and Beckman, Emma M and Tweedy, Sean M},
	journal={Journal of sports science \& medicine},
	volume={14},
	number={3},
	pages={669},
	year={2015},
	publisher={Dept. of Sports Medicine, Medical Faculty of Uludag University}
}
@article{lara2014relationship,
	title={The relationship between age and running time in elite marathoners is U-shaped},
	author={Lara, Beatriz and Salinero, Juan Jos{\'e} and Del Coso, Juan},
	journal={Age},
	volume={36},
	number={2},
	pages={1003--1008},
	year={2014},
	publisher={Springer}
}
@article{lehto2016effects,
	title={Effects of age on marathon finishing time among male amateur runners in Stockholm Marathon 1979--2014},
	author={Lehto, Niklas},
	journal={Journal of Sport and Health Science},
	volume={5},
	number={3},
	pages={349--354},
	year={2016},
	publisher={Elsevier}
}
@article{knechtle2014relationship,
	title={Relationship between age and elite marathon race time in world single age records from 5 to 93 years},
	author={Knechtle, Beat and Assadi, Herv{\'e} and Lepers, Romuald and Rosemann, Thomas and R{\"u}st, Christoph Alexander},
	journal={BMC sports science, medicine and rehabilitation},
	volume={6},
	number={1},
	pages={31},
	year={2014},
	publisher={BioMed Central}
}
@article{vickers2016empirical,
	title={An empirical study of race times in recreational endurance runners},
	author={Vickers, Andrew J and Vertosick, Emily A},
	journal={BMC Sports Science, Medicine and Rehabilitation},
	volume={8},
	number={1},
	pages={26},
	year={2016},
	publisher={BioMed Central}
}
@article{asanuma2014evolutionary,
	title={Evolutionary optimality in sex differences of longevity and athletic performances},
	author={Asanuma, Hiromi and Kakishima, Satoshi and Ito, Hiromu and Kobayashi, Kazuya and Hasegawa, Eisuke and Asami, Takahiro and Matsuura, Kenji and Roff, Derek A and Yoshimura, Jin},
	journal={Scientific reports},
	volume={4},
	year={2014},
	publisher={Nature Publishing Group}
}